@article{openai,
  title={Swarm framework documentation},
  author={OpenAI},
  journal={},
  volume={},
  number={},
  pages={},
  year={2023},
  publisher={}
}
@article{microsoft,
  title={Autogen documentation},
  author={Microsoft},
  journal={},
  volume={},
  number={},
  pages={},
  year={2023},
  publisher={}
}
@misc{autogen_ollama_documentation,
  title = {Autogen Documentation: Non-OpenAI Models - Local Ollama},
  author = {Microsoft},
  year = {2023},
  howpublished = {\url{https://microsoft.github.io/autogen/0.2/docs/topics/non-openai-models/local-ollama}},
  note = {Accessed: 2024-12-07}
}
@article{mountcastle1997columnar,
  title={The columnar organization of the neocortex},
  author={Mountcastle, Vernon B},
  journal={Brain},
  volume={120},
  number={4},
  pages={701--722},
  year={1997},
  publisher={Oxford University Press}
}
@article{tononi1998consciousness,
  title={Consciousness and complexity},
  author={Tononi, Giulio and Edelman, Gerald M},
  journal={Science},
  volume={282},
  number={5395},
  pages={1846--1851},
  year={1998},
  publisher={American Association for the Advancement of Science}
}

