@misc{cheng2025selfplayingadversariallanguagegame,
  title={Self-playing Adversarial Language Game Enhances LLM Reasoning},
  author={Pengyu Cheng and Tianhao Hu and Han Xu and Zhisong Zhang and Zheng Yuan and Yong Dai and Lei Han and Nan Du and Xiaolong Li},
  year={2025},
  eprint={2404.10642},
  archivePrefix={arXiv},
  primaryClass={cs.CL},
  url={https://arxiv.org/abs/2404.10642},
}

@misc{kapoor2024aiagentsmatter,
  title={AI Agents That Matter},
  author={Sayash Kapoor and Benedikt Stroebl and Zachary S. Siegel and Nitya Nadgir and Arvind Narayanan},
  year={2024},
  eprint={2407.01502},
  archivePrefix={arXiv},
  primaryClass={cs.LG},
  url={https://arxiv.org/abs/2407.01502},
}

@misc{feng2024agilenovelreinforcementlearning,
  title={AGILE: A Novel Reinforcement Learning Framework of LLM Agents},
  author={Peiyuan Feng and Yichen He and Guanhua Huang and Yuan Lin and Hanchong Zhang and Yuchen Zhang and Hang Li},
  year={2024},
  eprint={2405.14751},
  archivePrefix={arXiv},
  primaryClass={cs.LG},
  url={https://arxiv.org/abs/2405.14751},
}

@article{akiba_2025,
  title={Evolutionary optimization of model merging recipes},
  ISSN={2522-5839},
  url={http://dx.doi.org/10.1038/s42256-024-00975-8},
  DOI={10.1038/s42256-024-00975-8},
  journal={Nature Machine Intelligence},
  publisher={Springer Science and Business Media LLC},
  author={Akiba, Takuya and Shing, Makoto and Tang, Yujin and Sun, Qi and Ha, David},
  year={2025},
  month=jan
}

@misc{wu2024perhapshumantranslationharnessing,
  title={(Perhaps) Beyond Human Translation: Harnessing Multi-Agent Collaboration for Translating Ultra-Long Literary Texts},
  author={Minghao Wu and Yulin Yuan and Gholamreza Haffari and Longyue Wang},
  year={2024},
  eprint={2405.11804},
  archivePrefix={arXiv},
  primaryClass={cs.CL},
  url={https://arxiv.org/abs/2405.11804},
}

@misc{tao2024magisllmbasedmultiagentframework,
  title={MAGIS: LLM-Based Multi-Agent Framework for GitHub Issue Resolution},
  author={Wei Tao and Yucheng Zhou and Yanlin Wang and Wenqiang Zhang and Hongyu Zhang and Yu Cheng},
  year={2024},
  eprint={2403.17927},
  archivePrefix={arXiv},
  primaryClass={cs.SE},
  url={https://arxiv.org/abs/2403.17927},
}

@misc{wang2024mixtureofagentsenhanceslargelanguage,
  title={Mixture-of-Agents Enhances Large Language Model Capabilities},
  author={Junlin Wang and Jue Wang and Ben Athiwaratkun and Ce Zhang and James Zou},
  year={2024},
  eprint={2406.04692},
  archivePrefix={arXiv},
  primaryClass={cs.CL},
  url={https://arxiv.org/abs/2406.04692},
}

@misc{li2024agentsneed,
  title={More Agents Is All You Need},
  author={Junyou Li and Qin Zhang and Yangbin Yu and Qiang Fu and Deheng Ye},
  year={2024},
  eprint={2402.05120},
  archivePrefix={arXiv},
  primaryClass={cs.CL},
  url={https://arxiv.org/abs/2402.05120},
}

@misc{schick2023toolformerlanguagemodelsteach,
  title={Toolformer: Language Models Can Teach Themselves to Use Tools},
  author={Timo Schick and Jane Dwivedi-Yu and Roberto Dessi and Roberta Raileanu and Maria Lomeli and Luke Zettlemoyer and Nicola Cancedda and Thomas Scialom},
  year={2023},
  eprint={2302.04761},
  archivePrefix={arXiv},
  primaryClass={cs.CL},
  url={https://arxiv.org/abs/2302.04761},
}

@misc{yao2023reactsynergizingreasoningacting,
  title={ReAct: Synergizing Reasoning and Acting in Language Models},
  author={Shunyu Yao and Jeffrey Zhao and Dian Yu and Nan Du and Izhak Shafran and Karthik Narasimhan and Yuan Cao},
  year={2023},
  eprint={2210.03629},
  archivePrefix={arXiv},
  primaryClass={cs.CL},
  url={https://arxiv.org/abs/2210.03629},
}

@article{wang_2024,
  title={A survey on large language model based autonomous agents},
  volume={18},
  ISSN={2095-2236},
  url={http://dx.doi.org/10.1007/s11704-024-40231-1},
  DOI={10.1007/s11704-024-40231-1},
  number={6},
  journal={Frontiers of Computer Science},
  publisher={Springer Science and Business Media LLC},
  author={Wang, Lei and Ma, Chen and Feng, Xueyang and Zhang, Zeyu and Yang, Hao and Zhang, Jingsen and Chen, Zhiyuan and Tang, Jiakai and Chen, Xu and Lin, Yankai and Zhao, Wayne Xin and Wei, Zhewei and Wen, Jirong},
  year={2024},
  month=mar
}

@misc{li2023camelcommunicativeagentsmind,
  title={CAMEL: Communicative Agents for "Mind" Exploration of Large Language Model Society},
  author={Guohao Li and Hasan Abed Al Kader Hammoud and Hani Itani and Dmitrii Khizbullin and Bernard Ghanem},
  year={2023},
  eprint={2303.17760},
  archivePrefix={arXiv},
  primaryClass={cs.AI},
  url={https://arxiv.org/abs/2303.17760},
}

@misc{hao2023reasoninglanguagemodelplanning,
  title={Reasoning with Language Model is Planning with World Model},
  author={Shibo Hao and Yi Gu and Haodi Ma and Joshua Jiahua Hong and Zhen Wang and Daisy Zhe Wang and Zhiting Hu},
  year={2023},
  eprint={2305.14992},
  archivePrefix={arXiv},
  primaryClass={cs.CL},
  url={https://arxiv.org/abs/2305.14992},
}

@misc{marro2024scalablecommunicationprotocolnetworks,
  title={A Scalable Communication Protocol for Networks of Large Language Models},
  author={Samuele Marro and Emanuele La Malfa and Jesse Wright and Guohao Li and Nigel Shadbolt and Michael Wooldridge and Philip Torr},
  year={2024},
  eprint={2410.11905},
  archivePrefix={arXiv},
  primaryClass={cs.AI},
  url={https://arxiv.org/abs/2410.11905},
}
